@inproceedings{lorensen1987marching,
  title={Marching cubes: A high resolution 3D surface construction algorithm},
  author={Lorensen, William E and Cline, Harvey E},
  booktitle={ACM siggraph computer graphics},
  volume={21},
  number={4},
  pages={163--169},
  year={1987},
  organization={ACM}
}
@inproceedings{sumner2007embedded,
  title={Embedded deformation for shape manipulation},
  author={Sumner, Robert W and Schmid, Johannes and Pauly, Mark},
  booktitle={ACM Transactions on Graphics (TOG)},
  volume={26},
  number={3},
  pages={80},
  year={2007},
  organization={ACM}
}
@misc{microsoft_kinect,
  title={Microsoft Kinect},
  howpublished={\url{https://developer.microsoft.com/zh-cn/windows/kinect/hardware}}
}
@misc{google_tango,
  title={Tango | Google Developers},
  howpublished={\url{https://developers.google.com/tango/}}
}
@misc{apple_iphoneX,
  title={iPhone X - Apple},
  howpublished={\url{https://www.apple.com/iphone-x/#truedepth-camera}}
}
@misc{intel_realsense,
  title={Intel® RealSense™ Technology},
  howpublished={\url{https://software.intel.com/en-us/realsense/d400}}
}